@inproceedings{cordeiro2015barriers,
  title={Barriers and negative nudges: Exploring challenges in food journaling},
  author={Cordeiro, Felicia and Epstein, Daniel A and Thomaz, Edison and Bales, Elizabeth and Jagannathan, Arvind K and Abowd, Gregory D and Fogarty, James},
  booktitle={Proceedings of the 33rd Annual ACM Conference on Human Factors in Computing Systems},
  pages={1159--1162},
  year={2015},
  organization={ACM}
}
@article{helander2014factors,
  title={Factors related to sustained use of a free mobile app for dietary self-monitoring with photography and peer feedback: retrospective cohort study},
  author={Helander, Elina and Kaipainen, Kirsikka and Korhonen, Ilkka and Wansink, Brian},
  journal={Journal of medical Internet research},
  volume={16},
  number={4},
  pages={e109},
  year={2014},
  publisher={JMIR Publications Inc., Toronto, Canada}
}
@inproceedings{noronha2011platemate,
  title={Platemate: crowdsourcing nutritional analysis from food photographs},
  author={Noronha, Jon and Hysen, Eric and Zhang, Haoqi and Gajos, Krzysztof Z},
  booktitle={Proceedings of the 24th annual ACM symposium on User interface software and technology},
  pages={1--12},
  year={2011},
  organization={ACM}
}
@article{schoeller1990inaccuracies,
  title={Inaccuracies in self-reported intake identified by comparison with the doubly labelled water method},
  author={Schoeller, Dale A and Bandini, Linda G and Dietz, William H},
  journal={Canadian journal of physiology and pharmacology},
  volume={68},
  number={7},
  pages={941--949},
  year={1990},
  publisher={NRC Research Press}
}
@article{pikholz2004under,
  title={Under-reporting of energy intake in the 1997 National Nutrition Survey},
  author={Pikholz, Catherine and Swinburn, Boyd and Metcalf, Patricia},
  journal={New Zealand medical journal},
  volume={117},
  number={1202},
  pages={1--11},
  year={2004},
  publisher={New Zealand Medical Association}
}
@article{garriguet2008under,
  title={Under-reporting of energy intake in the Canadian Community Health Survey},
  author={Garriguet, Didier},
  journal={Health reports},
  volume={19},
  number={4},
  pages={37},
  year={2008},
  publisher={Statistics Canada}
}
@article{forrestal2011energy,
  title={Energy intake misreporting among children and adolescents: a literature review},
  author={Forrestal, Sarah G},
  journal={Maternal \& child nutrition},
  volume={7},
  number={2},
  pages={112--127},
  year={2011},
  publisher={Wiley Online Library}
}
@article{kroeze2006systematic,
  title={A systematic review of randomized trials on the effectiveness of computer-tailored education on physical activity and dietary behaviors},
  author={Kroeze, Willemieke and Werkman, Andrea and Brug, Johannes},
  journal={Annals of behavioral medicine},
  volume={31},
  number={3},
  pages={205--223},
  year={2006},
  publisher={Springer}
}
@article{lustria2009computer,
  title={Computer-tailored health interventions delivered over the Web: review and analysis of key components},
  author={Lustria, Mia Liza A and Cortese, Juliann and Noar, Seth M and Glueckauf, Robert L},
  journal={Patient education and counseling},
  volume={74},
  number={2},
  pages={156--173},
  year={2009},
  publisher={Elsevier}
}
@article{gold2007weight,
  title={Weight loss on the web: A pilot study comparing a structured behavioral intervention to a commercial program},
  author={Gold, Beth Casey and Burke, Susan and Pintauro, Stephen and Buzzell, Paul and Harvey-Berino, Jean},
  journal={Obesity},
  volume={15},
  number={1},
  pages={155--155},
  year={2007},
  publisher={Wiley Online Library}
}
@article{webb2010using,
  title={Using the internet to promote health behavior change: a systematic review and meta-analysis of the impact of theoretical basis, use of behavior change techniques, and mode of delivery on efficacy},
  author={Webb, Thomas and Joseph, Judith and Yardley, Lucy and Michie, Susan},
  journal={Journal of medical Internet research},
  volume={12},
  number={1},
  pages={e4},
  year={2010},
  publisher={JMIR Publications Inc., Toronto, Canada}
}
@article{lustria2013meta,
  title={A meta-analysis of web-delivered tailored health behavior change interventions},
  author={Lustria, Mia Liza A and Noar, Seth M and Cortese, Juliann and Van Stee, Stephanie K and Glueckauf, Robert L and Lee, Junga},
  journal={Journal of health communication},
  volume={18},
  number={9},
  pages={1039--1069},
  year={2013},
  publisher={Taylor \& Francis}
}
@article{turner2013comparison,
  title={Comparison of traditional versus mobile app self-monitoring of physical activity and dietary intake among overweight adults participating in an mHealth weight loss program},
  author={Turner-McGrievy, Gabrielle M and Beets, Michael W and Moore, Justin B and Kaczynski, Andrew T and Barr-Anderson, Daheia J and Tate, Deborah F},
  journal={Journal of the American Medical Informatics Association},
  volume={20},
  number={3},
  pages={513--518},
  year={2013},
  publisher={The Oxford University Press}
}
@article{wharton2014dietary,
  title={Dietary self-monitoring, but not dietary quality, improves with use of smartphone app technology in an 8-week weight loss trial},
  author={Wharton, Christopher M and Johnston, Carol S and Cunningham, Barbara K and Sterner, Danielle},
  journal={Journal of nutrition education and behavior},
  volume={46},
  number={5},
  pages={440--444},
  year={2014},
  publisher={Elsevier}
}
@inproceedings{meyers2015im2calories,
  title={Im2calories: towards an automated mobile vision food diary},
  author={Meyers, Austin and Johnston, Nick and Rathod, Vivek and Korattikara, Anoop and Gorban, Alex and Silberman, Nathan and Guadarrama, Sergio and Papandreou, George and Huang, Jonathan and Murphy, Kevin P},
  booktitle={Proceedings of the IEEE International Conference on Computer Vision},
  pages={1233--1241},
  year={2015}
}
@inproceedings{singla2016food,
  title={Food/Non-food Image Classification and Food Categorization using Pre-Trained GoogLeNet Model},
  author={Singla, Ashutosh and Yuan, Lin and Ebrahimi, Touradj},
  booktitle={Proceedings of the 2nd International Workshop on Multimedia Assisted Dietary Management},
  pages={3--11},
  year={2016},
  organization={ACM}
}
@inproceedings{bossard2014food,
  title={Food-101--mining discriminative components with random forests},
  author={Bossard, Lukas and Guillaumin, Matthieu and Van Gool, Luc},
  booktitle={European Conference on Computer Vision},
  pages={446--461},
  year={2014},
  organization={Springer}
}
@inproceedings{matsuda2012recognition,
  title={Recognition of multiple-food images by detecting candidate regions},
  author={Matsuda, Yuji and Hoashi, Hajime and Yanai, Keiji},
  booktitle={Multimedia and Expo (ICME), 2012 IEEE International Conference on},
  pages={25--30},
  year={2012},
  organization={IEEE}
}
@inproceedings{kawano2014automatic,
  title={Automatic expansion of a food image dataset leveraging existing categories with domain adaptation},
  author={Kawano, Yoshiyuki and Yanai, Keiji},
  booktitle={European Conference on Computer Vision},
  pages={3--17},
  year={2014},
  organization={Springer}
}
@inproceedings{kagaya2015highly,
  title={Highly accurate food/non-food image classification based on a deep convolutional neural network},
  author={Kagaya, Hokuto and Aizawa, Kiyoharu},
  booktitle={International Conference on Image Analysis and Processing},
  pages={350--357},
  year={2015},
  organization={Springer}
}
@inproceedings{chen2016deep,
  title={Deep-based ingredient recognition for cooking recipe retrieval},
  author={Chen, Jingjing and Ngo, Chong-Wah},
  booktitle={Proceedings of the 2016 ACM on Multimedia Conference},
  pages={32--41},
  year={2016},
  organization={ACM}
}
@inproceedings{kagaya2014food,
  title={Food detection and recognition using convolutional neural network},
  author={Kagaya, Hokuto and Aizawa, Kiyoharu and Ogawa, Makoto},
  booktitle={Proceedings of the 22nd ACM international conference on Multimedia},
  pages={1085--1088},
  year={2014},
  organization={ACM}
}
@article{aizawa2013food,
  title={Food balance estimation by using personal dietary tendencies in a multimedia food log},
  author={Aizawa, Kiyoharu and Maruyama, Yuto and Li, He and Morikawa, Chamin},
  journal={IEEE Transactions on multimedia},
  volume={15},
  number={8},
  pages={2176--2185},
  year={2013},
  publisher={IEEE}
}
@inproceedings{joutou2009food,
  title={A food image recognition system with multiple kernel learning},
  author={Joutou, Taichi and Yanai, Keiji},
  booktitle={Image Processing (ICIP), 2009 16th IEEE International Conference on},
  pages={285--288},
  year={2009},
  organization={IEEE}
}
@inproceedings{kitamura2008food,
  title={Food log by analyzing food images},
  author={Kitamura, Keigo and Yamasaki, Toshihiko and Aizawa, Kiyoharu},
  booktitle={Proceedings of the 16th ACM international conference on Multimedia},
  pages={999--1000},
  year={2008},
  organization={ACM}
}
@inproceedings{farinella2015exploitation,
  title={On the exploitation of one class classification to distinguish food vs non-food images},
  author={Farinella, Giovanni Maria and Allegra, Dario and Stanco, Filippo and Battiato, Sebastiano},
  booktitle={International Conference on Image Analysis and Processing},
  pages={375--383},
  year={2015},
  organization={Springer}
}
@inproceedings{ragusa2016food,
  title={Food vs Non-Food Classification},
  author={Ragusa, Francesco and Tomaselli, Valeria and Furnari, Antonino and Battiato, Sebastiano and Farinella, Giovanni M},
  booktitle={Proceedings of the 2nd International Workshop on Multimedia Assisted Dietary Management},
  pages={77--81},
  year={2016},
  organization={ACM}
}
@inproceedings{farinella2014benchmark,
  title={A benchmark dataset to study the representation of food images},
  author={Farinella, Giovanni Maria and Allegra, Dario and Stanco, Filippo},
  booktitle={European Conference on Computer Vision},
  pages={584--599},
  year={2014},
  organization={Springer}
}
@article{hassannejad2017automatic,
  title={Automatic diet monitoring: a review of computer vision and wearable sensor-based methods},
  author={Hassannejad, Hamid and Matrella, Guido and Ciampolini, Paolo and De Munari, Ilaria and Mordonini, Monica and Cagnoni, Stefano},
  journal={International Journal of Food Sciences and Nutrition},
  pages={1--15},
  year={2017},
  publisher={Taylor \& Francis}
}
@inproceedings{wu2016learning,
  title={Learning to Make Better Mistakes: Semantics-aware Visual Food Recognition},
  author={Wu, Hui and Merler, Michele and Uceda-Sosa, Rosario and Smith, John R},
  booktitle={Proceedings of the 2016 ACM on Multimedia Conference},
  pages={172--176},
  year={2016},
  organization={ACM}
}
@inproceedings{chen2017cross,
  title={Cross-Modal Recipe Retrieval: How to Cook this Dish?},
  author={Chen, Jingjing and Pang, Lei and Ngo, Chong-Wah},
  booktitle={International Conference on Multimedia Modeling},
  pages={588--600},
  year={2017},
  organization={Springer}
}
@article{martinel2016wide,
  title={Wide-Slice Residual Networks for Food Recognition},
  author={Martinel, Niki and Foresti, Gian Luca and Micheloni, Christian},
  journal={arXiv preprint arXiv:1612.06543},
  year={2016}
}
@inproceedings{beijbom2015menu,
  title={Menu-match: restaurant-specific food logging from images},
  author={Beijbom, Oscar and Joshi, Neel and Morris, Dan and Saponas, Scott and Khullar, Siddharth},
  booktitle={Applications of Computer Vision (WACV), 2015 IEEE Winter Conference on},
  pages={844--851},
  year={2015},
  organization={IEEE}
}
@article{bolanos2016simultaneous,
  title={Simultaneous food localization and recognition},
  author={Bolanos, Marc and Radeva, Petia},
  journal={arXiv preprint arXiv:1604.07953},
  year={2016}
}
@article{lin2013network,
  title={Network in network},
  author={Lin, Min and Chen, Qiang and Yan, Shuicheng},
  journal={arXiv preprint arXiv:1312.4400},
  year={2013}
}
@inproceedings{yang2016stacked,
  title={Stacked attention networks for image question answering},
  author={Yang, Zichao and He, Xiaodong and Gao, Jianfeng and Deng, Li and Smola, Alex},
  booktitle={Proceedings of the IEEE Conference on Computer Vision and Pattern Recognition},
  pages={21--29},
  year={2016}
}
@article{chen2014semantic,
  title={Semantic image segmentation with deep convolutional nets and fully connected crfs},
  author={Chen, Liang-Chieh and Papandreou, George and Kokkinos, Iasonas and Murphy, Kevin and Yuille, Alan L},
  journal={arXiv preprint arXiv:1412.7062},
  year={2014}
}
@inproceedings{noh2015learning,
  title={Learning deconvolution network for semantic segmentation},
  author={Noh, Hyeonwoo and Hong, Seunghoon and Han, Bohyung},
  booktitle={Proceedings of the IEEE International Conference on Computer Vision},
  pages={1520--1528},
  year={2015}
}
@inproceedings{eigen2015predicting,
  title={Predicting depth, surface normals and semantic labels with a common multi-scale convolutional architecture},
  author={Eigen, David and Fergus, Rob},
  booktitle={Proceedings of the IEEE International Conference on Computer Vision},
  pages={2650--2658},
  year={2015}
}
@inproceedings{horiguchi2016log,
  title={The log-normal distribution of the size of objects in daily meal images and its application to the efficient reduction of object proposals},
  author={Horiguchi, Shota and Aizawa, Kiyoharu and Ogawa, Makoto},
  booktitle={Image Processing (ICIP), 2016 IEEE International Conference on},
  pages={3668--3672},
  year={2016},
  organization={IEEE}
}
@article{o2013using,
  title={Using a wearable camera to increase the accuracy of dietary analysis},
  author={O'Loughlin, Gillian and Cullen, Sarah Jane and McGoldrick, Adrian and O'Connor, Siobhan and Blain, Richard and O'Malley, Shane and Warrington, Giles D},
  journal={American journal of preventive medicine},
  volume={44},
  number={3},
  pages={297--301},
  year={2013},
  publisher={Elsevier}
}
@inproceedings{liu2012intelligent,
  title={An intelligent food-intake monitoring system using wearable sensors},
  author={Liu, Jindong and Johns, Edward and Atallah, Louis and Pettitt, Claire and Lo, Benny and Frost, Gary and Yang, Guang-Zhong},
  booktitle={Wearable and Implantable Body Sensor Networks (BSN), 2012 Ninth International Conference on},
  pages={154--160},
  year={2012},
  organization={IEEE}
}
@article{jia2014accuracy,
  title={Accuracy of food portion size estimation from digital pictures acquired by a chest-worn camera},
  author={Jia, Wenyan and Chen, Hsin-Chen and Yue, Yaofeng and Li, Zhaoxin and Fernstrom, John and Bai, Yicheng and Li, Chengliu and Sun, Mingui},
  journal={Public health nutrition},
  volume={17},
  number={08},
  pages={1671--1681},
  year={2014},
  publisher={Cambridge Univ Press}
}
@article{tansey2016diet2vec,
  title={Diet2Vec: Multi-scale analysis of massive dietary data},
  author={Tansey, Wesley and Lowe Jr, Edward W and Scott, James G},
  journal={arXiv preprint arXiv:1612.00388},
  year={2016}
}
@misc{food2vec,
    author = {Altosaar, Jaan},
    title = {food2vec - Augmented cooking with machine},
    journal = {jaan.io},
    type = {Blog},
    number = {February},
    year = {2017},
    howpublished = {\url{https://jaan.io/food2vec-augmented-cooking-machine-intelligence/}}
}
@inproceedings{le2014distributed,
  title={Distributed Representations of Sentences and Documents.},
  author={Le, Quoc V and Mikolov, Tomas},
  booktitle={ICML},
  volume={14},
  pages={1188--1196},
  year={2014}
}

@article{ahn2011flavor,
  title={Flavor network and the principles of food pairing},
  author={Ahn, Yong-Yeol and Ahnert, Sebastian E and Bagrow, James P and Barab{\'a}si, Albert-L{\'a}szl{\'o}},
  journal={Scientific reports},
  volume={1},
  year={2011},
  publisher={Nature Publishing Group}
}
@article{kinouchi2008non,
  title={The non-equilibrium nature of culinary evolution},
  author={Kinouchi, Osame and Diez-Garcia, Rosa W and Holanda, Adriano J and Zambianchi, Pedro and Roque, Antonio C},
  journal={New Journal of Physics},
  volume={10},
  number={7},
  pages={073020},
  year={2008},
  publisher={IOP Publishing}
}
@article{dahui2005true,
  title={True reason for Zipf's law in language},
  author={Dahui, Wang and Menghui, Li and Zengru, Di},
  journal={Physica A: Statistical Mechanics and its Applications},
  volume={358},
  number={2},
  pages={545--550},
  year={2005},
  publisher={Elsevier}
}
@inproceedings{le2014distributed,
  title={Distributed Representations of Sentences and Documents.},
  author={Le, Quoc V and Mikolov, Tomas},
  booktitle={ICML},
  volume={14},
  pages={1188--1196},
  year={2014}
}
@article{kim2014convolutional,
  title={Convolutional neural networks for sentence classification},
  author={Kim, Yoon},
  journal={arXiv preprint arXiv:1408.5882},
  year={2014}
}
@inproceedings{hu2014convolutional,
  title={Convolutional neural network architectures for matching natural language sentences},
  author={Hu, Baotian and Lu, Zhengdong and Li, Hang and Chen, Qingcai},
  booktitle={Advances in neural information processing systems},
  pages={2042--2050},
  year={2014}
}
@inproceedings{zhang2015character,
  title={Character-level convolutional networks for text classification},
  author={Zhang, Xiang and Zhao, Junbo and LeCun, Yann},
  booktitle={Advances in neural information processing systems},
  pages={649--657},
  year={2015}
}
@inproceedings{kiros2015skip,
  title={Skip-thought vectors},
  author={Kiros, Ryan and Zhu, Yukun and Salakhutdinov, Ruslan R and Zemel, Richard and Urtasun, Raquel and Torralba, Antonio and Fidler, Sanja},
  booktitle={Advances in neural information processing systems},
  pages={3294--3302},
  year={2015}
}
@inproceedings{sutskever2014sequence,
  title={Sequence to sequence learning with neural networks},
  author={Sutskever, Ilya and Vinyals, Oriol and Le, Quoc V},
  booktitle={Advances in neural information processing systems},
  pages={3104--3112},
  year={2014}
}
@inproceedings{collobert2008unified,
  title={A unified architecture for natural language processing: Deep neural networks with multitask learning},
  author={Collobert, Ronan and Weston, Jason},
  booktitle={Proceedings of the 25th international conference on Machine learning},
  pages={160--167},
  year={2008},
  organization={ACM}
}
@article{elhoseiny2015convolutional,
  title={Convolutional models for joint object categorization and pose estimation},
  author={Elhoseiny, Mohamed and El-Gaaly, Tarek and Bakry, Amr and Elgammal, Ahmed},
  journal={arXiv preprint arXiv:1511.05175},
  year={2015}
}
@inproceedings{sun2014deep,
  title={Deep learning face representation by joint identification-verification},
  author={Sun, Yi and Chen, Yuheng and Wang, Xiaogang and Tang, Xiaoou},
  booktitle={Advances in neural information processing systems},
  pages={1988--1996},
  year={2014}
}
@article{erhan2010does,
  title={Why does unsupervised pre-training help deep learning?},
  author={Erhan, Dumitru and Bengio, Yoshua and Courville, Aaron and Manzagol, Pierre-Antoine and Vincent, Pascal and Bengio, Samy},
  journal={Journal of Machine Learning Research},
  volume={11},
  number={Feb},
  pages={625--660},
  year={2010}
}